<?xml version="1.0" encoding="UTF-8"?><collection xmlns="http://www.loc.gov/MARC21/slim"><record><leader>00476nam--2200133-i-4500</leader><controlfield tag="001">000011738</controlfield><controlfield tag="002">20161230</controlfield><controlfield tag="005">20161230201029</controlfield><controlfield tag="008">060222s1000------------r-----000-0-eng-d</controlfield><datafield ind1=" " ind2=" " tag="080"><subfield code="a">539.12.04:574(061.3)</subfield></datafield><datafield ind1=" " ind2=" " tag="245"><subfield code="a">Biological and environmental effects of low-le vel radiation. proceedings of a symposium chic ago, 3-7 nov., 1975, organized by the iaea and who</subfield></datafield><datafield ind1=" " ind2=" " tag="260"><subfield code="a">Vienna, International Atomic Energy Agency, 1976. 370 P</subfield></datafield><datafield ind1=" " ind2=" " tag="490"><subfield code="a">Proceedings Series</subfield></datafield><datafield ind1=" " ind2=" " tag="852"><subfield code="a">43441</subfield></datafield></record></collection>